<record><leader>00000cas a2200000 a 4500</leader><controlfield tag="001">12369077</controlfield><controlfield tag="008">850809d19131930fluwr ne      0    0eng c</controlfield><datafield ind1=" " ind2=" " tag="010"><subfield code="a">sn 85038378 </subfield></datafield><datafield ind1=" " ind2=" " tag="040"><subfield code="a">NPY</subfield><subfield code="b">eng</subfield><subfield code="c">NPY</subfield><subfield code="d">YOX</subfield><subfield code="d">CNK</subfield><subfield code="d">MGN</subfield><subfield code="d">FUG</subfield><subfield code="d">OCLCQ</subfield><subfield code="d">OCLCF</subfield><subfield code="d">OCLCO</subfield></datafield><datafield ind1=" " ind2=" " tag="012"><subfield code="i">9512</subfield></datafield><datafield ind1="1" ind2=" " tag="029"><subfield code="a">AU@</subfield><subfield code="b">000020386477</subfield></datafield><datafield ind1=" " ind2=" " tag="042"><subfield code="a">pcc</subfield></datafield><datafield ind1=" " ind2=" " tag="043"><subfield code="a">n-us-fl</subfield></datafield><datafield ind1="0" ind2="0" tag="245"><subfield code="a">New Smyrna news.</subfield></datafield><datafield ind1=" " ind2=" " tag="260"><subfield code="a">New Smyrna, Volusia County, Fla. :</subfield><subfield code="b">New Smyrna News Co.</subfield></datafield><datafield ind1=" " ind2=" " tag="300"><subfield code="a">v. ;</subfield><subfield code="c">58 cm.</subfield></datafield><datafield ind1=" " ind2=" " tag="310"><subfield code="a">Weekly</subfield></datafield><datafield ind1="1" ind2=" " tag="362"><subfield code="a">Began June 1, 1913; ceased May 30, 1930.</subfield></datafield><datafield ind1=" " ind2=" " tag="500"><subfield code="a">Harry L. Rood, editor.</subfield></datafield><datafield ind1=" " ind2=" " tag="588"><subfield code="a">Description based on: Vol. 16, no. 13 (Aug. 31, 1928).</subfield></datafield><datafield ind1=" " ind2="0" tag="651"><subfield code="a">New Smyrna Beach (Fla.)</subfield><subfield code="v">Newspapers.</subfield></datafield><datafield ind1=" " ind2="0" tag="651"><subfield code="a">Volusia County (Fla.)</subfield><subfield code="v">Newspapers.</subfield></datafield><datafield ind1=" " ind2="7" tag="655"><subfield code="a">Newspapers.</subfield><subfield code="2">fast</subfield><subfield code="0">(OCoLC)fst01423814</subfield></datafield><datafield ind1=" " ind2="7" tag="651"><subfield code="a">Florida</subfield><subfield code="z">New Smyrna Beach.</subfield><subfield code="2">fast</subfield><subfield code="0">(OCoLC)fst01212737</subfield></datafield><datafield ind1=" " ind2="7" tag="651"><subfield code="a">Florida</subfield><subfield code="z">Volusia County.</subfield><subfield code="2">fast</subfield><subfield code="0">(OCoLC)fst01204998</subfield></datafield><datafield ind1=" " ind2=" " tag="752"><subfield code="a">United States</subfield><subfield code="b">Florida</subfield><subfield code="c">Volusia</subfield><subfield code="d">New Smyrna.</subfield></datafield><datafield ind1="0" ind2=" " tag="775"><subfield code="t">New Smyrna daily news</subfield><subfield code="g">1925-1930</subfield><subfield code="w">(DLC)sn 94055515</subfield><subfield code="w">(OCoLC)29742971</subfield></datafield><datafield ind1="0" ind2="0" tag="785"><subfield code="t">New Smyrna Beach news</subfield><subfield code="w">(DLC)sn 85026983</subfield><subfield code="w">(OCoLC)33062924</subfield></datafield><datafield ind1=" " ind2=" " tag="850"><subfield code="a">FU</subfield></datafield></record>